@book{Lindholm:2013:JVM:2462629,
 author = {Lindholm, Tim and Yellin, Frank and Bracha, Gilad and Buckley, Alex},
 title = {The Java Virtual Machine Specification, Java SE 7 Edition},
 year = {2013},
 isbn = {0133260445, 9780133260441},
 edition = {1st},
 publisher = {Addison-Wesley Professional},
 note = {\url{http://docs.oracle.com/javase/specs/jvms/se7/html/}}
} 

@manual{Oracle:ClassLoader,
 title = {Class ClassLoader documentation},
 organization = {Oracle},
 edition = {7th},
 year = {2011},
 note = {\url{http://docs.oracle.com/javase/7/docs/api/java/lang/ClassLoader.html}}
}

@manual{RedHat:Byteman,
 title = {Byteman Programmer's Guide},
 organization = {Red Hat and individual contributors},
 version = {Version 2.2.1},
 date = {13.01.2015},
 note = {\url{http://downloads.jboss.org/byteman/2.2.1/ProgrammersGuide.pdf}}
}

@book{Sellis:ECARules,
  title = {Rules in Database Systems: Second International Workshop, RIDS '95, Glyfada, Athens, Greece, September 25 - 27, 1995. Proceedings},
  author = {Timos Sellis},
  isbn = {9783540603658},
  lccn = {lc95040666},
  series = {Lecture Notes in Artificial Intelligence},
  url = {https://books.google.cz/books?id=glQv-J7adSgC},
  year = {1995},
  publisher = {Springer}
}

@misc{Byteman:Homepage,
  title = {{Byteman} Project Description},
  howpublished = {\url{http://byteman.jboss.org}},
  note = {Accessed: 2015-03-09}
}
